@misc{MinGW,
  author = {earnie},
  title = {{MinGW}},
  howpublished = "\url{http://www.mingw.org/wiki/mingw/}",
  year = {2008}, 
}

@misc{MinGW2,
  author = {joshuaburkholder},
  title = {{HOWTO\_Compile\_the\_OpenGL\_Utility\_Toolkit\_GLUT\_for\_Win32\_with\_MinGW}},
  howpublished = "\url{http://www.mingw.org/wiki/HOWTO_Compile_the_OpenGL_Utility_Toolkit_GLUT_for_Win32_with_MinGW}",
  year = {2010}, 
}

@misc{Champagne,
  author = {Jason Champagne},
  title = {{Tutoriel Windows - variable d'environnement Path}},
  howpublished = "\url{https://www.youtube.com/watch?v=M2BWTJXDJXY&index=2&list=PLrSOXFDHBtfFrcRVrJ2ELX2_160l_CpQd}",
  year = {2018}, 
}

@misc{Champagne2,
  author = {Jason Champagne},
  title = {{Langage C \#23 - introduction SDLh}},
  howpublished = "\url{https://www.youtube.com/watch?v=Lwx9rSgwoDg&t=173s}",
  year = {2017}, 
}

@misc{DevIL,
  author = {Denton Woods, Nicolas Weber, Meloni Dario et al.},
  title = {{DevIL - Developer's Image Library}},
  howpublished = "\url{http://openil.sourceforge.net/}",
  year = {2017 - last release}, 
}


@misc{IM7,
  author = {Lubos Rendek},
  title = {{How to install ImageMagick 7 on Ubuntu 18.04 Linux}},
  howpublished = "\url{https://linuxconfig.org/how-to-install-imagemagick-7-on-ubuntu-18-04-linux}",
  year = {2018}, 
}

@misc{IM7_commands,
  author = {ronan},
  title = {{Imagemagick}},
  howpublished = "\url{https://www.quennec.fr/trucs-astuces/syst%C3%A8mes/gnulinux/commandes/multim%C3%A9dia/photo/imagemagick}",
  year = {2018}, 
}

@misc{openclassrooms,
  author = {},
  title = {{OpenClassRooms}},
  howpublished = "\url{https://openclassrooms.com/fr/}",
  year = {2018}, 
}

https://github.com/ikreymer/cavewriting/blob/master/bin/win32/fmodex.dll

@misc{fmodDLL,
  author = {zachdavis},
  title = {{CaveWriting: 3D Hypermedia Authoring}},
  howpublished = "\url{https://sourceforge.net/p/cavewriting/code/HEAD/tree/CW3/}",
  year = {2012}, 
}

@Book{JS2015,
  Title                    = {Once Upon a Time on Stack Overflow},
  Author                   = {{Smith, J.}},
  Year                     = {2015},
  Edition                  = {1th},
  Address                  = {Houston, TX},
  Publisher                = {United Publishers}
}

@misc{WinNT,
  title = {{MS Windows NT} Kernel Description},
  howpublished = {\url{https://tex.stackexchange.com/questions/281868/import-bib-file-into-tex-file}},
  note = {Accessed: 2010-09-30}
}

@misc{bworld,
  author = {Ingo LÃ¼tkebohle},
  title = {{BWorld Robot Control Software}},
  howpublished = "\url{https://tex.stackexchange.com/questions/281868/import-bib-file-into-tex-file}",
  year = {2008}, 
  note = "[Online; accessed 19-July-2008]"
}

@misc{ldconfig(8) - Linux man page,
  author = {die.net},
  title = {{ldconfig(8) - Linux man page}},
  howpublished = "\url{https://tex.stackexchange.com/questions/281868/import-bib-file-into-tex-file}",
  year = {2008}, 
}





